<collection xmlns="http://www.loc.gov/MARC21/slim">
<record>
  <leader>02008nam0a2200385 i 450 </leader>
  <controlfield tag="001">IT\ICCU\CNCE\003096</controlfield>
  <controlfield tag="005">20060828000000.0</controlfield>
  <datafield tag="012" ind1=" " ind2=" ">
    <subfield code="a">m.i. nqom uss, q.so (3) 1534 (R)</subfield>
    <subfield code="2">fei</subfield>
  </datafield>
  <datafield tag="100" ind1=" " ind2=" ">
    <subfield code="a">19970101d1534        0itac0103    ba</subfield>
  </datafield>
  <datafield tag="101" ind1=" " ind2=" ">
    <subfield code="a">LAT</subfield>
  </datafield>
  <datafield tag="102" ind1=" " ind2=" ">
    <subfield code="a">IT</subfield>
  </datafield>
  <datafield tag="200" ind1="1" ind2=" ">
    <subfield code="a">Singularia in utroque iure memoratu digna &amp; in regno satis accommodata foeliciter incipiunt</subfield>
  </datafield>
  <datafield tag="210" ind1=" " ind2=" ">
    <subfield code="e">Venetiis</subfield>
    <subfield code="g">per Petrum de Nicolinis de Sabio</subfield>
    <subfield code="g">mandato &amp; impensis Hieronymi de Maria</subfield>
    <subfield code="h">1534 de mense Ianuarii</subfield>
  </datafield>
  <datafield tag="215" ind1=" " ind2=" ">
    <subfield code="a">XLIII, \1! c.</subfield>
    <subfield code="d">4ʻ</subfield>
  </datafield>
  <datafield tag="620" ind1=" " ind2=" ">
    <subfield code="a">IT</subfield>
    <subfield code="d">Venezia</subfield>
  </datafield>
  <datafield tag="700" ind1=" " ind2="1">
    <subfield code="a">Arnono,</subfield>
    <subfield code="b">Giovanni : d&apos;</subfield>
    <subfield code="3">IT\ICCU\CNCA\000893</subfield>
  </datafield>
  <datafield tag="712" ind1="0" ind2="0">
    <subfield code="a">De_Maria, Girolamo</subfield>
    <subfield code="3">IT\ICCU\CNCT\000791</subfield>
    <subfield code="4">650</subfield>
  </datafield>
  <datafield tag="712" ind1="0" ind2="0">
    <subfield code="a">Nicolini da Sabbio, Pietro</subfield>
    <subfield code="3">IT\ICCU\CNCT\000059</subfield>
    <subfield code="4">650</subfield>
  </datafield>
  <datafield tag="790" ind1=" " ind2="1">
    <subfield code="a">D&apos;Arnono,</subfield>
    <subfield code="b">Giovanni</subfield>
    <subfield code="3">IT\ICCU\CNCA\012385</subfield>
    <subfield code="z">Arnono, Giovanni : d&apos;</subfield>
  </datafield>
  <datafield tag="791" ind1="0" ind2="0">
    <subfield code="a">Maria, Hieronymus de</subfield>
    <subfield code="3">IT\ICCU\CNCT\003761</subfield>
    <subfield code="z">De_Maria, Girolamo</subfield>
  </datafield>
  <datafield tag="791" ind1="0" ind2="0">
    <subfield code="a">Maria, Girolamo de</subfield>
    <subfield code="3">IT\ICCU\CNCT\004605</subfield>
    <subfield code="z">De_Maria, Girolamo</subfield>
  </datafield>
  <datafield tag="791" ind1="0" ind2="0">
    <subfield code="a">Nicolini, Pietro</subfield>
    <subfield code="3">IT\ICCU\CNCT\005122</subfield>
    <subfield code="z">Nicolini da Sabbio, Pietro</subfield>
  </datafield>
  <datafield tag="791" ind1="0" ind2="0">
    <subfield code="a">Nicolinis de Sabio, Petrus de</subfield>
    <subfield code="3">IT\ICCU\CNCT\005123</subfield>
    <subfield code="z">Nicolini da Sabbio, Pietro</subfield>
  </datafield>
  <datafield tag="791" ind1="0" ind2="0">
    <subfield code="a">Nicolinis Sabiensis, Petrus de</subfield>
    <subfield code="3">IT\ICCU\CNCT\005124</subfield>
    <subfield code="z">Nicolini da Sabbio, Pietro</subfield>
  </datafield>
  <datafield tag="801" ind1=" " ind2="3">
    <subfield code="a">IT</subfield>
    <subfield code="b">ICCU</subfield>
    <subfield code="c">20201113</subfield>
  </datafield>
  <datafield tag="899" ind1=" " ind2=" ">
    <subfield code="a">Biblioteca del Seminario arcivescovile maggiore. Firenze</subfield>
    <subfield code="1">FI0056</subfield>
    <subfield code="2">RT1 QM</subfield>
  </datafield>
  <datafield tag="899" ind1=" " ind2=" ">
    <subfield code="a">Biblioteca statale. Lucca</subfield>
    <subfield code="1">LU0022</subfield>
    <subfield code="2">LUA BL</subfield>
  </datafield>
  <datafield tag="899" ind1=" " ind2=" ">
    <subfield code="a">Biblioteca regionale universitaria. Messina</subfield>
    <subfield code="1">ME0050</subfield>
    <subfield code="2">PAL BM</subfield>
  </datafield>
  <datafield tag="899" ind1=" " ind2=" ">
    <subfield code="a">Biblioteca nazionale Braidense. Milano</subfield>
    <subfield code="1">MI0185</subfield>
    <subfield code="2">MIL NB</subfield>
  </datafield>
  <datafield tag="899" ind1=" " ind2=" ">
    <subfield code="a">Biblioteca Estense Universitaria. Modena</subfield>
    <subfield code="1">MO0089</subfield>
    <subfield code="2">MOD BE</subfield>
  </datafield>
  <datafield tag="899" ind1=" " ind2=" ">
    <subfield code="a">Biblioteca nazionale Vittorio Emanuele III. Napoli</subfield>
    <subfield code="1">NA0079</subfield>
    <subfield code="2">NAP BN</subfield>
  </datafield>
  <datafield tag="899" ind1=" " ind2=" ">
    <subfield code="a">Biblioteca Ludovico Jacobilli del Seminario vescovile. Foligno</subfield>
    <subfield code="1">PG0040</subfield>
    <subfield code="2">UM1 39</subfield>
  </datafield>
  <datafield tag="899" ind1=" " ind2=" ">
    <subfield code="a">Biblioteca Oliveriana. Pesaro</subfield>
    <subfield code="1">PU0061</subfield>
    <subfield code="2">URB OL</subfield>
  </datafield>
  <datafield tag="899" ind1=" " ind2=" ">
    <subfield code="a">Biblioteca nazionale centrale. Roma</subfield>
    <subfield code="1">RM0267</subfield>
    <subfield code="2">BVE CR</subfield>
  </datafield>
  <datafield tag="899" ind1=" " ind2=" ">
    <subfield code="a">Fondazione Biblioteca S. Bernardino. Trento</subfield>
    <subfield code="1">TN0122</subfield>
    <subfield code="2">ZTN 18</subfield>
  </datafield>
</record>
</collection>
